
@article{forster_optimizing_2007,
  title = "Optimizing the Control of Disease Infestations at the Landscape Scale",
  volume = {104},
  journal = {Proc. Natl. Acad. Sci. U.S.A.},
  author = {Forster, G and Gilligan, C. A.},
  year = {2007},
  pages = {4984-4989},
  doi = {10.1073/pnas.0607900104}
}

@article{meentemeyer_epidemiological_2011,
  title = "Epidemiological Modeling of Invasion in Heterogeneous Landscapes: Spread of Sudden Oak Death in {{California}} (1990\textendash{}2030)",
  volume = {2},
  doi = {10.1890/ES10-00192.1},
  journal = {Ecosphere},
  author = {Meentemeyer, R. K. and Cunniffe, N. J. and Cook, A. R. and Filipe, J. A. N. and Hunter, R. D. and Rizzo, D. M. and Gilligan, C. A.},
  year = {2011}
}

@article{ndeffo_mbah_resource_2011,
  title = "Resource Allocation for Epidemic Control in Metapopulations",
  volume = {6},
  doi = {10.1371/journal.pone.0024577},
  number = {9},
  journal = {PLoS ONE},
  author = {Ndeffo Mbah, M. L. and Gilligan, C. A.},
  year = {2011}
}

@article{ndeffo_mbah_balancing_2010,
  title = "Balancing Detection and Eradication for Control of Epidemics: sudden Oak Death in Mixed-Species Stands",
  volume = {5},
  doi = {10.1371/journal.pone.0012317},
  journal = {PLoS ONE},
  author = {Ndeffo Mbah, M. L. and Gilligan, C. A.},
  year = {2010},
  pages = {1-8}
}

@article{rowthorn_optimal_2009,
  title = "Optimal Control of Epidemics in Metapopulations",
  volume = {6},
  doi = {10.1098/rsif.2008.0402},
  journal = {J. R. Soc. Interface},
  author = {Rowthorn, R. E. and Laxminarayan, R. and Gilligan, C. A.},
  year = {2009},
  pages = {1135-1144}
}

@book{betts_practical_2010,
  title = "Practical Methods for Optimal Control and Estimation Using Nonlinear Programming",
  publisher = {{Siam}},
  author = {Betts, JT},
  year = {2010}
}

@article{deshpande_optimized_2014,
  title = "Optimized Treatment of Fibromyalgia Using System Identification and Hybrid Model Predictive Control",
  volume = {33},
  doi = {10.1016/j.conengprac.2014.09.011},
  journal = {Control Eng. Pract.},
  author = {Deshpande, S and Nandola, N. N. and Rivera, D. E. and Younger, J. W.},
  year = {2014},
  pages = {161-173}
}

@article{morari_model_1999,
  title = "Model Predictive Control: Past, Present and Future",
  volume = {23},
  doi = {10.1016/S0098-1354(98)00301-9},
  journal = {Comput. Chem. Eng.},
  author = {Morari, M and Lee, J. H.},
  year = {1999},
  pages = {667-682}
}

@article{zurakowski_model_2006,
  title = "A Model Predictive Control Based Scheduling Method for {{HIV}} Therapy",
  volume = {238},
  doi = {10.1016/j.jtbi.2005.05.004},
  journal = {J. Theor. Biol.},
  author = {Zurakowski, R and Teel, A. R.},
  year = {2006},
  pages = {368-382}
}

@article{federico_optimal_2013,
  title = "Optimal Control in Individual-Based Models: Implications from Aggregated Methods.",
  volume = {181},
  doi = {10.1086/668594},
  journal = {Am. Nat.},
  author = {Federico, P and Gross, L. J. and Lenhart, S and Ryan, D},
  year = {2013},
  pages = {64-77}
}

@article{selley_dynamic_2015,
  title = "Dynamic Control of Modern, Network-Based Epidemic Models",
  volume = {14},
  journal = {SIAM J. Appl. Dyn. Syst.},
  author = {S{\'e}lley, Fanni and Besenyei, {\'A}d{\'a}m and Kiss, Istvan Z. and Simon, P{\'e}ter L.},
  year = {2015},
  pages = {168--187},
  doi = {10.1137/130947039}
}

@article{clarke_approximating_2013,
  title = "Approximating Optimal Controls for Networks when There Are Combinations of Population-Level and Targeted Measures Available: chlamydia Infection as a Case-Study",
  volume = {75},
  doi = {10.1007/s11538-013-9867-9},
  journal = {Bull. Math. Biol.},
  author = {Clarke, James and White, K. A. Jane and Turner, Katy},
  year = {2013},
  pages = {1747-1777}
}

@article{david_receding_2011,
  title = "Receding Horizon Control of {{HIV}}",
  volume = {32},
  doi = {10.1002/oca.969},
  journal = {Optim. Control Appl. Meth.},
  author = {David, John and Tran, Hien and Banks, H. T.},
  year = {2011},
  pages = {681-699}
}

@article{christley_optimal_2016,
  title = "Optimal Control of Sugarscape Agent-Based Model via a {{PDE}} Approximation Model",
  doi = {10.1002/oca.2265},
  volume = {38},
  journal = {Optim. Control Appl. Meth.},
  author = {Christley, S. and Neilan, R. Miller and Oremland, M. and Salinas, R. and Lenhart, S.},
  year = {2016},
  pages = {473-497}
}

@article{cunniffe_modelling_2016,
  title = "{Modeling when, where, and how to manage a forest epidemic, motivated by sudden oak death in California}",
  author = {Cunniffe, Nik J. and Cobb, Richard C. and Meentemeyer, Ross K. and Rizzo, David M. and Gilligan, Christopher A.},
  year = {2016},
  journal={Proc. Natl. Acad. Sci. U.S.A.},
  volume={113},
  pages={5640--5645},
  doi = {10.1073/pnas.1602153113}
}

@book{camacho_model_2012,
  title = "Model Predictive Control in the Process Industry",
  publisher = {{Springer Science \& Business Media}},
  author = {Camacho, Eduardo F. and Bordons, Carlos},
  year = {2012}
}

@book{lenhart_optimal_2007,
  title = "Optimal Control Applied to Biological Models",
  publisher = {{CRC Press}},
  author = {Lenhart, Suzanne and Workman, John T.},
  year = {2007}
}

@article{tildesley_optimal_2006,
  title = "Optimal Reactive Vaccination Strategies for a Foot-and-Mouth Outbreak in the {{UK}}",
  volume = {440},
  journal = {Nature},
  author = {Tildesley, Michael J. and Savill, Nicholas J. and Shaw, Darren J. and Deardon, Rob and Brooks, Stephen P. and Woolhouse, Mark EJ and Grenfell, Bryan T. and Keeling, Matt J.},
  year = {2006},
  pages = {83--86},
  doi = {10.1038/nature04324}
}

@article{keeling_dynamics_2001,
  title = "Dynamics of the 2001 {{UK}} Foot and Mouth Epidemic: stochastic Dispersal in a Heterogeneous Landscape",
  volume = {294},
  number = {5543},
  journal = {Science},
  author = {Keeling, Matt J. and Woolhouse, Mark EJ and Shaw, Darren J. and Matthews, Louise and {Chase-Topping}, Margo and Haydon, Dan T. and Cornell, Stephen J. and Kappey, Jens and Wilesmith, John and Grenfell, Bryan T.},
  year = {2001},
  pages = {813--817},
  doi = {10.1126/science.1065973}
}

@book{anderson_return_2002,
  title = "Foot and mouth disease. 2001: Lessons to be learned inquiry report.",
  publisher = {Report to the Prime Minister and the Secretary of State for Environment Food and Rural Affairs, London, UK},
  author = {Anderson, Iain},
  year = {2002}
}

@article{sethi_optimal_1978,
  title = "Optimal Control of Some Simple Deterministic Epidemic Models",
  volume = {29},
  journal = {J. Oper. Res. Soc.},
  author = {Sethi, Suresh P. and Staats, Preston W.},
  year = {1978},
  pages = {129--136},
  doi = {10.1057/jors.1978.27}
}

@article{epanchin-niell_economics_2017,
  title = "Economics of Invasive Species Policy and Management",
  doi = {10.1007/s10530-017-1406-4},
  journal = {Biol. Invasions},
  author = {{Epanchin-Niell}, Rebecca S.},
  year = {2017},
  volums = {19},
  pages = {1-22}
}

@article{rizzo_sudden_2003,
  title = "Sudden Oak Death: Endangering {{California}} and {{Oregon}} Forest Ecosystems",
  volume = {1},
  doi = {10.1890/1540-9295(2003)001[0197:SODECA]2.0.CO;2},
  journal = {Front. Ecol. Environ.},
  author = {Rizzo, David M. and Garbelotto, Matteo},
  year = {2003},
  pages = {197-204}
}

@article{klepac_self-enforcing_2016,
  title = "Self-Enforcing Regional Vaccination Agreements",
  volume = {13},
  doi = {10.1098/rsif.2015.0907},
  journal = {J. R. Soc. Interface},
  author = {Klepac, Petra and Megiddo, Itamar and Grenfell, Bryan T. and Laxminarayan, Ramanan},
  year = {2016},
  pages = {20150907},
}

@article{keeling_optimal_2012,
  title = "Optimal but Unequitable Prophylactic Distribution of Vaccine",
  volume = {4},
  doi = {10.1016/j.epidem.2012.03.001},
  journal = {Epidemics},
  author = {Keeling, Matt J. and Shattock, Andrew},
  year = {2012},
  pages = {78-85}
}

@article{klepac_synthesizing_2011,
  title = "Synthesizing Epidemiological and Economic Optima for Control of Immunizing Infections",
  volume = {108},
  doi = {10.1073/pnas.1101694108},
  journal = {Proc. Natl. Acad. Sci. U.S.A.},
  author = {Klepac, Petra and Laxminarayan, Ramanan and Grenfell, Bryan T.},
  year = {2011},
  pages = {14366-14370},
}

@article{an_optimization_2017,
  title = "Optimization and Control of Agent-Based Models in Biology: a Perspective",
  volume = {79},
  doi = {10.1007/s11538-016-0225-6},
  journal = {Bull Math Biol},
  author = {An, G. and Fitzpatrick, B. G. and Christley, S. and Federico, P. and Kanarek, A. and Neilan, R. Miller and Oremland, M. and Salinas, R. and Laubenbacher, R. and Lenhart, S.},
  year = {2017},
  pages = {63-87}
}

@book{bellman_dynamic_2013,
  title = "Dynamic Programming",
  publisher = {{Courier Corporation}},
  author = {Bellman, Richard},
  year = {2013}
}

@article{jit_economic_2008,
  title = "Economic Evaluation of Human Papillomavirus Vaccination in the {{United Kingdom}}",
  volume = {337},
  journal = {BMJ},
  author = {Jit, Mark and Choi, Yoon Hong and Edmunds, W. John},
  year = {2008},
  doi = {10.1136/bmj.a769},
  pages = {a769}
}

@article{perrings_merging_2014,
  title = "Merging Economics and Epidemiology to Improve the Prediction and Management of Infectious Disease",
  volume = {11},
  doi = {10.1007/s10393-014-0963-6},
  journal = {EcoHealth},
  author = {Perrings, Charles and {Castillo-Chavez}, Carlos and Chowell, Gerardo and Daszak, Peter and Fenichel, Eli P. and Finnoff, David and Horan, Richard D. and Kilpatrick, A. Marm and Kinzig, Ann P. and Kuminoff, Nicolai V. and Levin, Simon and Morin, Benjamin and Smith, Katherine F. and Springborn, Michael},
  year = {2014},
  pages = {464-475}
}

@article{neilan_optimal_2011,
  title = "Optimal Vaccine Distribution in a Spatiotemporal Epidemic Model with an Application to Rabies and Raccoons",
  volume = {378},
  journal = {J. Math. Anal. Appl.},
  author = {Neilan, Rachael Miller and Lenhart, Suzanne},
  year = {2011},
  pages = {603--619},
  doi = {10.1016/j.jmaa.2010.12.035}
}

@article{parnell_early_2015,
  title = "Early Detection Surveillance for an Emerging Plant Pathogen: A Rule of Thumb to Predict Prevalence at First Discovery",
  volume = {282},
  doi = {10.1098/rspb.2015.1478},
  journal = {Proc. R. Soc. Lond. B Biol. Sci.},
  author = {Parnell, S. and Gottwald, T. R. and Cunniffe, N. J. and Alonso Chavez, V. and {van den Bosch}, F.},
  year = {2015},
  pages = {20151478},
}

@article{keeling_models_2005,
  title = "Models of Foot-and-Mouth Disease",
  volume = {272},
  doi = {10.1098/rspb.2004.3046},
  journal = {Proc. R. Soc. Lond. B Biol. Sci.},
  author = {Keeling, Matt J.},
  year = {2005},
  pages = {1195-1202},
}

@article{keeling_modelling_2003,
  title = "Modelling Vaccination Strategies against Foot-and-Mouth Disease",
  volume = {421},
  number = {6919},
  journal = {Nature},
  author = {Keeling, M. J. and Woolhouse, M. E. J. and May, R. M. and Davies, G. and Grenfell, B. T.},
  year = {2003},
  pages = {136-42},
  doi = {10.1038/nature01343}
}

@article{guiver_simple_2016,
  title = "Simple Adaptive Control for Positive Linear Systems with Applications to Pest Management",
  volume = {76},
  number = {1},
  journal = {SIAM J. Appl. Math.},
  author = {Guiver, Chris and Edholm, Christina and Jin, Yu and Mueller, Markus and Powell, Jim and Rebarber, Richard and Tenhumberg, Brigitte and Townley, Stuart},
  year = {2016},
  pages = {238--275}
}

@article{blayneh_optimal_2009,
  title = "Optimal Control of Vector-Borne Diseases: Treatment and Prevention",
  volume = {11},
  journal = {Discrete Contin. Dyn. Syst. B},
  author = {Blayneh, Kbenesh and Cao, Yanzhao and Kwon, Hee-Dae},
  year = {2009},
  pages = {587--611},
  doi = {10.3934/dcdsb.2009.11.587}
}

@article{choi_transmission_2010,
  title = "Transmission Dynamic Modelling of the Impact of Human Papillomavirus Vaccination in the {{United Kingdom}}",
  volume = {28},
  doi = {10.1016/j.vaccine.2009.09.125},
  number = {24},
  journal = {Vaccine},
  author = {Choi, Yoon Hong and Jit, Mark and Gay, Nigel and Cox, Andrew and Garnett, Geoff P. and Edmunds, William John},
  year = {2010},
  pages = {4091-4102}
}

@article{metcalf_six_2015,
  title = "Six Challenges in Modelling for Public Health Policy",
  volume = {10},
  doi = {10.1016/j.epidem.2014.08.008},
  journal = {Epidemics},
  author = {Metcalf, C. J. E. and Edmunds, W. J. and Lessler, J.},
  year = {2015},
  pages = {93-96}
}

@article{behncke_optimal_2000,
  title = "Optimal Control of Deterministic Epidemics",
  volume = {21},
  doi = {10.1002/oca.678},
  journal = {Optim. Control Appl. Methods},
  author = {Behncke, Horst},
  year = {2000},
  pages = {269-285}
}

@article{brown_role_2011,
  title = "The Role of Optimal Control in Assessing the Most Cost-Effective Implementation of a Vaccination Programme: {{HPV}} as a Case Study",
  volume = {231},
  doi = {10.1016/j.mbs.2011.02.009},
  journal = {Math. Biosci.},
  author = {Brown, V. L. and White, K. A. J.},
  year = {2011},
  pages = {126-134}
}

@article{stephenson_optimal_2017,
  title = "Optimal control of vaccination rate in an epidemiological model of \textit{Clostridium difficile} transmission",
  volume = {75},
  doi = {10.1007/s00285-017-1133-6},
  journal = {J. Math. Biol.},
  author = {Stephenson, Brittany and Lanzas, Cristina and Lenhart, Suzanne and Day, Judy},
  year = {2017},
  pages = {1693-1713}
}

@article{cunniffe_optimising_2015,
  title={Optimising and communicating options for the control of invasive plant disease when there is epidemiological uncertainty},
  author={Cunniffe, Nik J and Stutt, Richard OJH and DeSimone, R Erik and Gottwald, Tim R and Gilligan, Christopher A},
  journal={PLoS Comput. Biol},
  volume={11},
  pages={e1004211},
  year={2015},
  doi = {10.1371/journal.pcbi.1004211}
}

@article{keeling_optimal_2015,
  title={Optimal prophylactic vaccination in segregated populations: When can we improve on the equalising strategy?},
  author={Keeling, Matt J and Ross, Joshua V},
  journal={Epidemics},
  volume={11},
  pages={7--13},
  year={2015},
  doi={10.1016/j.epidem.2015.01.002}
}

@article{anderson_preliminary_1986,
  title={A preliminary study of the transmission dynamics of the human immunodeficiency virus ({HIV}), the causative agent of {AIDS}},
  author={Anderson, Roy M and Medley, Graham F and May, R M and Johnson, A M},
  journal={Math. Med. Biol.},
  volume={3},
  pages={229--263},
  year={1986},
  doi={10.1093/imammb/3.4.229}
}

@book{keeling_modeling_2007,
  title={Modeling Infectious Diseases in Humans and Animals},
  author={Keeling, Matt J and Rohani, Pejman},
  year={2008},
  publisher={Princeton University Press},
  doi={}
}

@article{smith_predicting_2002,
  title={Predicting the spatial dynamics of rabies epidemics on heterogeneous landscapes},
  author={Smith, David L and Lucey, Brendan and Waller, Lance A and Childs, James E and Real, Leslie A},
  journal={Proc. Natl. Acad. Sci. U.S.A.},
  volume={99},
  pages={3668--3672},
  year={2002},
  doi={10.1073/pnas.042400799}
}

@conference{rao_survey_2009,
  title={A survey of numerical methods for optimal control},
  author={Rao, A V},
  year={2009},
  pages={AAS Paper 09-334},
  booktitle={AAS/AIAA Astrodynamics Specialist Conf., Pittsburgh, PA, August}
}

@article{lee_model_2011,
  title={Model predictive control: review of the three decades of development},
  author={Lee, Jay H},
  journal={Int. J. Control Autom. Syst.},
  volume={9},
  pages={415--424},
  year={2011},
  doi={10.1007/s12555-011-0300-6}
}

@article{hovorka_nonlinear_2004,
  title={Nonlinear model predictive control of glucose concentration in subjects with type 1 diabetes},
  author={Hovorka, Roman and Canonico, Valentina and Chassin, Ludovic J and Haueter, Ulrich and Massi-Benedetti, Massimo and Federici, Marco Orsini and Pieber, Thomas R and Schaller, Helga C and Schaupp, Lukas and Vering, Thomas and others},
  journal={Physiol. Meas.},
  volume={25},
  pages={905--920},
  year={2004},
  doi={10.1088/0967-3334/25/4/010}
}

@misc{bocop,
  author = {{{Team Commands, Inria Saclay}}},
  title = {{{BOCOP}}: an open source toolbox for optimal control},
  howpublished = {\url{http://bocop.org}},
  year = {2017}
}

@misc{bocop1,
  title={BOCOP 2.0.5 - User Guide},
  author={Bonnans, Fr{\'e}d{\'e}ric and Martinon, Pierre and Giorgi, Daphn{\'e} and Gr{\'e}lard, Vincent and Maindrault, St{\'e}phan and Tissot, Olivier and Liu, Jinyan},
  year={2017}
}

@article {heesterbeek_modeling_2015,
	author = {Heesterbeek, Hans and Anderson, Roy M. and Andreasen, Viggo and Bansal, Shweta and De Angelis, Daniela and Dye, Chris and Eames, Ken T. D. and Edmunds, W. John and Frost, Simon D. W. and Funk, Sebastian and Hollingsworth, T. Deirdre and House, Thomas and Isham, Valerie and Klepac, Petra and Lessler, Justin and Lloyd-Smith, James O. and Metcalf, C. Jessica E. and Mollison, Denis and Pellis, Lorenzo and Pulliam, Juliet R. C. and Roberts, Mick G. and Viboud, Cecile and },
	title = {Modeling infectious disease dynamics in the complex landscape of global health},
	volume = {347},
	year = {2015},
	doi = {10.1126/science.aaa4339},
  pages = {aaa4339},
	journal = {Science}
}

@article{thompson_control_2018,
  title={Control fast or control smart: when should invading pathogens be controlled?},
  author={Thompson, Robin N and Gilligan, Christopher A and Cunniffe, Nik J},
  journal={PLoS Comput. Biol.},
  volume={14},
  pages={e1006014},
  year={2018},
  doi={10.1371/journal.pcbi.1006014}
}

@article{savary_crop_2012,
  title={Crop losses due to diseases and their implications for global food production losses and food security},
  author={Savary, Serge and Ficke, Andrea and Aubertot, Jean-No{\"e}l and Hollier, Clayton},
  journal={Food Secur.},
  volume={4},
  pages={519--537},
  year={2012},
  doi={10.1007/s12571-012-0200-5}
}

@article{boyd_consequence_2013,
  title={The consequence of tree pests and diseases for ecosystem services},
  author={Boyd, I. L. and Freer-Smith, P. H. and Gilligan, C. A. and Godfray, H. C. J.},
  journal={Science},
  volume={342},
  pages={1235773},
  year={2013},
  doi={10.1126/science.1235773}
}

@article{cunniffe_thirteen_2015,
  title = {Thirteen Challenges in Modelling Plant Diseases},
  volume = {10},
  doi = {10.1016/j.epidem.2014.06.002},
  journal = {Epidemics},
  author = {Cunniffe, Nik J. and Koskella, Britt and E. Metcalf, C. Jessica and Parnell, Stephen and Gottwald, Tim R. and Gilligan, C A},
  year = {2015},
  pages = {6-10}
}

@article{lofgren_opinion_2014,
  title = {Opinion: mathematical Models: a Key Tool for Outbreak Response},
  volume = {111},
  doi = {10.1073/pnas.1421551111},
  journal = {Proc. Natl. Acad. Sci. U.S.A.},
  author = {Lofgren, Eric T. and Halloran, M. Elizabeth and Rivers, Caitlin M. and Drake, John M. and Porco, Travis C. and Lewis, Bryan and Yang, Wan and Vespignani, Alessandro and Shaman, Jeffrey and Eisenberg, Joseph N. S. and Eisenberg, Marisa C. and Marathe, Madhav and Scarpino, Samuel V. and Alexander, Kathleen A. and Meza, Rafael and Ferrari, Matthew J. and Hyman, James M. and Meyers, Lauren A. and Eubank, Stephen},
  year = {2014},
  pages = {18095-18096}
}

@article{hyatt-twynam_risk-based_2017,
  title = {Risk-Based Management of Invading Plant Disease},
  journal = {New Phytol.},
  volume={214},
  pages={1317--1329},
  author = {{Hyatt-Twynam}, Samuel R. and Parnell, Stephen and Stutt, Richard OJH and Gottwald, Tim R. and Gilligan, Christopher A. and Cunniffe, Nik J.},
  year = {2017},
  doi = {10.1111/nph.14488}
}

@article{whitehead_health_2010,
  title={Health outcomes in economic evaluation: the {{QALY}} and utilities},
  author={Whitehead, Sarah J and Ali, Shehzad},
  journal={Br. Med. Bull.},
  volume={96},
  pages={5--21},
  year={2010},
  doi={10.1093/bmb/ldq033}
}

@article{adrakey_evidence-based_2017,
  title = {Evidence-Based Controls for Epidemics Using Spatio-Temporal Stochastic Models in a {{Bayesian}} Framework},
  volume = {14},
  doi = {10.1098/rsif.2017.0386},
  journal = {J. R. Soc. Interface},
  author = {Adrakey, Hola K. and Streftaris, George and Cunniffe, Nik J. and Gottwald, Tim R. and Gilligan, Christopher A. and Gibson, Gavin J.},
  year = {2017},
  pages = {20170386}
}

@article{thompson_management_2016,
  title = {Management of Invading Pathogens Should Be Informed by Epidemiology Rather than Administrative Boundaries},
  volume = {324},
  doi = {10.1016/j.ecolmodel.2015.12.014},
  journal = {Ecol. Modell.},
  author = {Thompson, Robin N. and Cobb, Richard C. and Gilligan, C A and Cunniffe, Nik J.},
  year = {2016},
  pages = {28-32}
}

@article{cunniffe_cost-effective_2014,
    author = {Cunniffe, Nik J. AND Laranjeira, Francisco F. AND Neri, Franco M. AND DeSimone, R. Erik AND Gilligan, Christopher A.},
    journal = {PLOS Comput. Biol.},
    title = {Cost-Effective Control of Plant Disease When Epidemiological Knowledge Is Incomplete: modelling {{Bahia}} Bark Scaling of Citrus},
    year = {2014},
    volume = {10},
    pages = {1-14},
    doi = {10.1371/journal.pcbi.1003753}
}

@article{thompson_effect_2018,
author = {Thompson, Robin N and Hart, William S},
journal = {Clin. Infect. Dis.},
title = {Effect of Confusing Symptoms and Infectiousness on Forecasting and Control of Ebola Outbreaks},
year = {2018},
volume = {},
pages = {ciy248},
doi = {10.1093/cid/ciy248}
}

@article{craig_grower_2018,
  title={Grower and regulator conflict in management of the citrus disease {Huanglongbing} in {Brazil}: a modelling study},
  author={Craig, Andrew P and Cunniffe, Nik J and Parry, Matthew and Laranjeira, Francisco F and Gilligan, Christopher A},
  doi={10.1111/1365-2664.13122},
  journal={J. Appl. Ecol.},
  volume={55},
  pages={1956--1965},
  year={2018},
}